Automatically generated by Mendeley Desktop 1.11
Any changes to this file will be lost if it is regenerated by Mendeley.

BibTeX export options can be customized via Options -> BibTeX in Mendeley Desktop

@article{Fisher1961,
author = {Fisher, Michael E. and Essam, John W.},
doi = {10.1063/1.1703745},
file = {:home/fsheldon/.local/share/data/Mendeley Ltd./Mendeley Desktop/Downloaded/Fisher, Essam - 1961 - Some Cluster Size and Percolation Problems.pdf:pdf},
issn = {00222488},
journal = {Journal of Mathematical Physics},
number = {4},
pages = {609--619},
title = {{Some Cluster Size and Percolation Problems}},
url = {http://scitation.aip.org/content/aip/journal/jmp/2/4/10.1063/1.1703745},
volume = {2},
year = {1961}
}
@misc{Christensen2002,
author = {Christensen, Kim},
file = {:home/fsheldon/.local/share/data/Mendeley Ltd./Mendeley Desktop/Downloaded/Christensen - 2002 - Percolation Theory.pdf:pdf},
title = {{Percolation Theory}},
url = {http://www.mit.edu/~levitov/8.334/notes/percol\_notes.pdf},
year = {2002}
}
@book{Stauffer1994,
address = {Philadelphia, PA},
author = {Stauffer, D and Aharony, A},
edition = {Rev 2nd Ed},
file = {:home/fsheldon/.local/share/data/Mendeley Ltd./Mendeley Desktop/Downloaded/Stauffer, Aharony - 1994 - Introduction to percolation theory(2).djvu:djvu},
publisher = {Taylor \& Francis},
title = {{Introduction to percolation theory}},
url = {http://cds.cern.ch/record/275520},
year = {1994}
}
@incollection{Thorpe1982,
address = {New York},
author = {Thorpe, MF},
booktitle = {Excitations in Disordered Systems, NATO Advanced Study Institute Series B78},
editor = {Thorpe, M. F.},
file = {:home/fsheldon/.local/share/data/Mendeley Ltd./Mendeley Desktop/Downloaded/Thorpe - 1982 - Bethe Lattices.pdf:pdf},
pages = {85--107},
publisher = {Plenum},
title = {{Bethe Lattices}},
year = {1982}
}
@article{Essam1980,
author = {Essam, JW},
file = {:home/fsheldon/Downloads/0034-4885\_43\_7\_001.pdf:pdf},
journal = {Reports on Progress in Physics},
pages = {833--912},
title = {{Percolation theory}},
url = {http://iopscience.iop.org/0034-4885/43/7/001},
volume = {43},
year = {1980}
}
