Automatically generated by Mendeley Desktop 1.11
Any changes to this file will be lost if it is regenerated by Mendeley.

BibTeX export options can be customized via Options -> BibTeX in Mendeley Desktop

@book{Barenblatt1996,
address = {New York},
author = {Barenblatt, GI},
booktitle = {Cambridge University Press},
file = {:home/fsheldon/Downloads/[Barenblatt\_G.I.]\_Scaling,\_self-similarity,\_and\_in(BookZZ.org).djvu:djvu},
publisher = {CUP},
title = {{Scaling, self-similarity, and intermediate asymptotics}},
url = {http://scholar.google.com/scholar?hl=en\&btnG=Search\&q=intitle:Scaling,+Self-similarity,+and+Intermediate+Asymptotics\#1},
year = {1996}
}
@book{Goldenfeld1992,
author = {Goldenfeld, Nigel},
publisher = {Westview Press},
title = {{Lectures on Phase Transitions and the Renormalization Group}},
year = {1992}
}
@article{Goldenfeld1989,
author = {Goldenfeld, Nigel and Martin, Olivier and Oono, Y.},
doi = {10.1007/BF01060993},
file = {:home/fsheldon/Downloads/art\%3A10.1007\%2FBF01060993.pdf:pdf},
isbn = {1200035550},
issn = {0885-7474},
journal = {Journal of Scientific Computing},
keywords = {1,approaches to,attempts to apply perturbative,have apparently met with,i n t r,o d u c,quantitative success,renormalization group,rg,t i o n,the problem of turbulence},
month = dec,
number = {4},
pages = {355--372},
title = {{Intermediate asymptotics and renormalization group theory}},
url = {http://link.springer.com/10.1007/BF01060993},
volume = {4},
year = {1989}
}
@article{Chen1996,
author = {Chen, Ly and Goldenfeld, N and Oono, Y},
file = {:home/fsheldon/Downloads/PhysRevE.54.376.pdf:pdf},
issn = {1063-651X},
journal = {Physical review. E, Statistical physics, plasmas, fluids, and related interdisciplinary topics},
month = jul,
number = {1},
pages = {376--394},
pmid = {9965081},
title = {{Renormalization group and singular perturbations: Multiple scales, boundary layers, and reductive perturbation theory.}},
url = {http://www.ncbi.nlm.nih.gov/pubmed/9965081},
volume = {54},
year = {1996}
}
@article{Buckingham1914,
author = {Buckingham, E},
file = {:home/fsheldon/Downloads/PhysRev.4.345.pdf:pdf},
journal = {Physical Review},
title = {{On physically similar systems; illustrations of the use of dimensional equations}},
url = {http://stuff.mit.edu/afs/athena/course/other/beh.410/www/Handouts/buckingham.pdf},
year = {1914}
}
